@article{konishi:1999ab,
  author = {Konishi, Seiki and Nakajima, Kyoichi and Uchida, Idai and Kikyo, Hideyuki and Kameyama, Masashi and Miyashita, Yasushi},
  title = {Common inhibitory mechanism in human inferior prefrontal cortex revealed by event-related functional MRI},
  journal = {Brain},
  volume = {122},
  number = {5},
  pages = {981},
  year = {1999},
}