%% This BibTeX bibliography file was created using BibDesk.
%% http://bibdesk.sourceforge.net/


%% Created for Ricardo Langner at 2011-05-27 13:40:00 +0200 


%% Saved with string encoding Unicode (UTF-8) 

@article{alphago,
  title     = {Mastering the game of go without human knowledge},
  author    = {Silver, David and Schrittwieser, Julian and Simonyan, Karen and Antonoglou, Ioannis and Huang, Aja and Guez, Arthur and Hubert, Thomas and Baker, Lucas and Lai, Matthew and Bolton, Adrian and others},
  journal   = {nature},
  volume    = {550},
  number    = {7676},
  pages     = {354--359},
  year      = {2017},
  publisher = {Nature Publishing Group}
}

@article{andrychowicz2016learning,
  title   = {Learning to learn by gradient descent by gradient descent},
  author  = {Andrychowicz, Marcin and Denil, Misha and Gomez, Sergio and Hoffman, Matthew W and Pfau, David and Schaul, Tom and Shillingford, Brendan and De Freitas, Nando},
  journal = {arXiv preprint arXiv:1606.04474},
  year    = {2016}
}

@article{bromley1994signature,
  title     = {Signature verification using a" siamese" time delay neural network},
  author    = {Bromley, Jane and Guyon, Isabelle and LeCun, Yann and S{\"a}ckinger, Eduard and Shah, Roopak},
  journal   = {Advances in neural information processing systems},
  pages     = {737--737},
  year      = {1994},
  publisher = {Morgan Kaufmann Publishers}
}

@inproceedings{buckman2018thermometer,
  title     = {Thermometer encoding: One hot way to resist adversarial examples},
  author    = {Buckman, Jacob and Roy, Aurko and Raffel, Colin and Goodfellow, Ian},
  booktitle = {International Conference on Learning Representations},
  year      = {2018}
}

@inproceedings{carlini2017againstexampledetection,
  title     = {Adversarial examples are not easily detected: Bypassing ten detection methods},
  author    = {Carlini, Nicholas and Wagner, David},
  booktitle = {Proceedings of the 10th ACM Workshop on Artificial Intelligence and Security},
  pages     = {3--14},
  year      = {2017}
}

@inproceedings{carlini2017cw,
  title        = {Towards evaluating the robustness of neural networks},
  author       = {Carlini, Nicholas and Wagner, David},
  booktitle    = {2017 ieee symposium on security and privacy (sp)},
  pages        = {39--57},
  year         = {2017},
  organization = {IEEE}
}

@inproceedings{chen2017zoo,
  title     = {Zoo: Zeroth order optimization based black-box attacks to deep neural networks without training substitute models},
  author    = {Chen, Pin-Yu and Zhang, Huan and Sharma, Yash and Yi, Jinfeng and Hsieh, Cho-Jui},
  booktitle = {Proceedings of the 10th ACM workshop on artificial intelligence and security},
  pages     = {15--26},
  year      = {2017}
}

@article{cifar10,
  title     = {Learning multiple layers of features from tiny images},
  author    = {Krizhevsky, Alex and Hinton, Geoffrey and others},
  year      = {2009},
  publisher = {Citeseer}
}

@article{das2010DE,
  title     = {Differential evolution: A survey of the state-of-the-art},
  author    = {Das, Swagatam and Suganthan, Ponnuthurai Nagaratnam},
  journal   = {IEEE transactions on evolutionary computation},
  volume    = {15},
  number    = {1},
  pages     = {4--31},
  year      = {2010},
  publisher = {IEEE}
}

@inproceedings{dong2018momentumattack,
  title     = {Boosting adversarial attacks with momentum},
  author    = {Dong, Yinpeng and Liao, Fangzhou and Pang, Tianyu and Su, Hang and Zhu, Jun and Hu, Xiaolin and Li, Jianguo},
  booktitle = {Proceedings of the IEEE conference on computer vision and pattern recognition},
  pages     = {9185--9193},
  year      = {2018}
}

@article{fawzi2016robustness,
  title   = {Robustness of classifiers: from adversarial to random noise},
  author  = {Fawzi, Alhussein and Moosavi-Dezfooli, Seyed-Mohsen and Frossard, Pascal},
  journal = {arXiv preprint arXiv:1608.08967},
  year    = {2016}
}

@article{fawzi2018analysis,
  title     = {Analysis of classifiersâ€™ robustness to adversarial perturbations},
  author    = {Fawzi, Alhussein and Fawzi, Omar and Frossard, Pascal},
  journal   = {Machine Learning},
  volume    = {107},
  number    = {3},
  pages     = {481--508},
  year      = {2018},
  publisher = {Springer}
}

@inproceedings{finn2017model,
  title        = {Model-agnostic meta-learning for fast adaptation of deep networks},
  author       = {Finn, Chelsea and Abbeel, Pieter and Levine, Sergey},
  booktitle    = {International Conference on Machine Learning},
  pages        = {1126--1135},
  year         = {2017},
  organization = {PMLR}
}

@article{gong2017defenceDNN,
  title   = {Adversarial and clean data are not twins},
  author  = {Gong, Zhitao and Wang, Wenlu and Ku, Wei-Shinn},
  journal = {arXiv preprint arXiv:1704.04960},
  year    = {2017}
}

@article{goodfellow2014explaining,
  title   = {Explaining and harnessing adversarial examples},
  author  = {Goodfellow, Ian J and Shlens, Jonathon and Szegedy, Christian},
  journal = {arXiv preprint arXiv:1412.6572},
  year    = {2014}
}

@article{graves2014neuralturingmachines,
  title   = {Neural turing machines},
  author  = {Graves, Alex and Wayne, Greg and Danihelka, Ivo},
  journal = {arXiv preprint arXiv:1410.5401},
  year    = {2014}
}

@article{gretton2012MMD,
  title     = {A kernel two-sample test},
  author    = {Gretton, Arthur and Borgwardt, Karsten M and Rasch, Malte J and Sch{\"o}lkopf, Bernhard and Smola, Alexander},
  journal   = {The Journal of Machine Learning Research},
  volume    = {13},
  number    = {1},
  pages     = {723--773},
  year      = {2012},
  publisher = {JMLR. org}
}

@article{grosse2017statistical,
  title   = {On the (statistical) detection of adversarial examples},
  author  = {Grosse, Kathrin and Manoharan, Praveen and Papernot, Nicolas and Backes, Michael and McDaniel, Patrick},
  journal = {arXiv preprint arXiv:1702.06280},
  year    = {2017}
}

@inproceedings{he2016resnet,
  title     = {Deep residual learning for image recognition},
  author    = {He, Kaiming and Zhang, Xiangyu and Ren, Shaoqing and Sun, Jian},
  booktitle = {Proceedings of the IEEE conference on computer vision and pattern recognition},
  pages     = {770--778},
  year      = {2016}
}
@article{hendrycks2016statisticPCA,
  title   = {Early methods for detecting adversarial images},
  author  = {Hendrycks, Dan and Gimpel, Kevin},
  journal = {arXiv preprint arXiv:1608.00530},
  year    = {2016}
}

@article{hinton2015distilling,
  title   = {Distilling the knowledge in a neural network},
  author  = {Hinton, Geoffrey and Vinyals, Oriol and Dean, Jeff},
  journal = {arXiv preprint arXiv:1503.02531},
  year    = {2015}
}

@inproceedings{hoffer2015deep,
  title        = {Deep metric learning using triplet network},
  author       = {Hoffer, Elad and Ailon, Nir},
  booktitle    = {International workshop on similarity-based pattern recognition},
  pages        = {84--92},
  year         = {2015},
  organization = {Springer}
}

@article{huisman2020metasurvey,
  title   = {A Survey of Deep Meta-Learning},
  author  = {Huisman, Mike and van Rijn, Jan N and Plaat, Aske},
  journal = {arXiv preprint arXiv:2010.03522},
  year    = {2020}
}

@article{ilyas2019adversarial,
  title   = {Adversarial examples are not bugs, they are features},
  author  = {Ilyas, Andrew and Santurkar, Shibani and Tsipras, Dimitris and Engstrom, Logan and Tran, Brandon and Madry, Aleksander},
  journal = {arXiv preprint arXiv:1905.02175},
  year    = {2019}
}

@inproceedings{imagenet,
  title        = {Imagenet: A large-scale hierarchical image database},
  author       = {Deng, Jia and Dong, Wei and Socher, Richard and Li, Li-Jia and Li, Kai and Fei-Fei, Li},
  booktitle    = {2009 IEEE conference on computer vision and pattern recognition},
  pages        = {248--255},
  year         = {2009},
  organization = {Ieee}
}

@inproceedings{koch2015siamese,
  title        = {Siamese neural networks for one-shot image recognition},
  author       = {Koch, Gregory and Zemel, Richard and Salakhutdinov, Ruslan},
  booktitle    = {ICML deep learning workshop},
  volume       = {2},
  year         = {2015},
  organization = {Lille}
}

@article{krizhevsky2012imagenet,
  title   = {Imagenet classification with deep convolutional neural networks},
  author  = {Krizhevsky, Alex and Sutskever, Ilya and Hinton, Geoffrey E},
  journal = {Advances in neural information processing systems},
  volume  = {25},
  pages   = {1097--1105},
  year    = {2012}
}

@article{kurakin2016aBIM,
  title   = {Adversarial machine learning at scale},
  author  = {Kurakin, Alexey and Goodfellow, Ian and Bengio, Samy},
  journal = {arXiv preprint arXiv:1611.01236},
  year    = {2016}
}

@misc{kurakin2016bBIM,
  title  = {Adversarial examples in the physical world},
  author = {Kurakin, Alexey and Goodfellow, Ian and Bengio, Samy and others},
  year   = {2016}
}

@inproceedings{lake2011one,
  title     = {One shot learning of simple visual concepts},
  author    = {Lake, Brenden and Salakhutdinov, Ruslan and Gross, Jason and Tenenbaum, Joshua},
  booktitle = {Proceedings of the annual meeting of the cognitive science society},
  volume    = {33},
  number    = {33},
  year      = {2011}
}

@article{lin2013GAP,
  title   = {Network in network},
  author  = {Lin, Min and Chen, Qiang and Yan, Shuicheng},
  journal = {arXiv preprint arXiv:1312.4400},
  year    = {2013}
}

@article{madry2017PGD,
  title   = {Towards deep learning models resistant to adversarial attacks},
  author  = {Madry, Aleksander and Makelov, Aleksandar and Schmidt, Ludwig and Tsipras, Dimitris and Vladu, Adrian},
  journal = {arXiv preprint arXiv:1706.06083},
  year    = {2017}
}

@article{maudsley1980meta,
  title  = {A THEORY OF META-LEARNING AND PRINCIPLES OF FACILITATION: AN ORGANISMIC PERSPECTIVE.},
  author = {Maudsley, Donald B},
  year   = {1980}
}

@article{micikevicius2017mixed,
  title   = {Mixed precision training},
  author  = {Micikevicius, Paulius and Narang, Sharan and Alben, Jonah and Diamos, Gregory and Elsen, Erich and Garcia, David and Ginsburg, Boris and Houston, Michael and Kuchaiev, Oleksii and Venkatesh, Ganesh and others},
  journal = {arXiv preprint arXiv:1710.03740},
  year    = {2017}
}

@article{mishra2017snail,
  title   = {A simple neural attentive meta-learner},
  author  = {Mishra, Nikhil and Rohaninejad, Mostafa and Chen, Xi and Abbeel, Pieter},
  journal = {arXiv preprint arXiv:1707.03141},
  year    = {2017}
}

@article{mnist,
  title   = {The MNIST database of handwritten digits},
  author  = {LeCun, Yann},
  journal = {http://yann. lecun. com/exdb/mnist/},
  year    = {1998}
}

@inproceedings{moosavi2016deepfool,
  title     = {Deepfool: a simple and accurate method to fool deep neural networks},
  author    = {Moosavi-Dezfooli, Seyed-Mohsen and Fawzi, Alhussein and Frossard, Pascal},
  booktitle = {Proceedings of the IEEE conference on computer vision and pattern recognition},
  pages     = {2574--2582},
  year      = {2016}
}

@inproceedings{moosavi2017universalperturbations,
  title     = {Universal adversarial perturbations},
  author    = {Moosavi-Dezfooli, Seyed-Mohsen and Fawzi, Alhussein and Fawzi, Omar and Frossard, Pascal},
  booktitle = {Proceedings of the IEEE conference on computer vision and pattern recognition},
  pages     = {1765--1773},
  year      = {2017}
}

@inproceedings{naik1992meta,
  title        = {Meta-neural networks that learn by learning},
  author       = {Naik, Devang K and Mammone, Richard J},
  booktitle    = {[Proceedings 1992] IJCNN International Joint Conference on Neural Networks},
  volume       = {1},
  pages        = {437--442},
  year         = {1992},
  organization = {IEEE}
}

@article{nayebi2017biologically,
  title   = {Biologically inspired protection of deep networks from adversarial attacks},
  author  = {Nayebi, Aran and Ganguli, Surya},
  journal = {arXiv preprint arXiv:1703.09202},
  year    = {2017}
}

@article{nichol2018reptile,
  title   = {Reptile: a scalable metalearning algorithm},
  author  = {Nichol, Alex and Schulman, John},
  journal = {arXiv preprint arXiv:1803.02999},
  volume  = {2},
  number  = {2},
  pages   = {1},
  year    = {2018}
}

@article{oord2016wavenet,
  title   = {Wavenet: A generative model for raw audio},
  author  = {Oord, Aaron van den and Dieleman, Sander and Zen, Heiga and Simonyan, Karen and Vinyals, Oriol and Graves, Alex and Kalchbrenner, Nal and Senior, Andrew and Kavukcuoglu, Koray},
  journal = {arXiv preprint arXiv:1609.03499},
  year    = {2016}
}

@inproceedings{papernot2016distillation,
  title        = {Distillation as a defense to adversarial perturbations against deep neural networks},
  author       = {Papernot, Nicolas and McDaniel, Patrick and Wu, Xi and Jha, Somesh and Swami, Ananthram},
  booktitle    = {2016 IEEE symposium on security and privacy (SP)},
  pages        = {582--597},
  year         = {2016},
  organization = {IEEE}
}

@inproceedings{papernot2017practicalblack-box,
  title     = {Practical black-box attacks against machine learning},
  author    = {Papernot, Nicolas and McDaniel, Patrick and Goodfellow, Ian and Jha, Somesh and Celik, Z Berkay and Swami, Ananthram},
  booktitle = {Proceedings of the 2017 ACM on Asia conference on computer and communications security},
  pages     = {506--519},
  year      = {2017}
}

@article{ravi2016optimization,
  title  = {Optimization as a model for few-shot learning},
  author = {Ravi, Sachin and Larochelle, Hugo},
  year   = {2016}
}

@inproceedings{santoro2016mann,
  title        = {Meta-learning with memory-augmented neural networks},
  author       = {Santoro, Adam and Bartunov, Sergey and Botvinick, Matthew and Wierstra, Daan and Lillicrap, Timothy},
  booktitle    = {International conference on machine learning},
  pages        = {1842--1850},
  year         = {2016},
  organization = {PMLR}
}

@article{shafahi2019adversarialtrainingforfree,
  title   = {Adversarial training for free!},
  author  = {Shafahi, Ali and Najibi, Mahyar and Ghiasi, Amin and Xu, Zheng and Dickerson, John and Studer, Christoph and Davis, Larry S and Taylor, Gavin and Goldstein, Tom},
  journal = {arXiv preprint arXiv:1904.12843},
  year    = {2019}
}

@article{sharma2018bypassfeaturesqueezing,
  title   = {Bypassing feature squeezing by increasing adversary strength},
  author  = {Sharma, Yash and Chen, Pin-Yu},
  journal = {arXiv preprint arXiv:1803.09868},
  year    = {2018}
}

@article{simonyan2014vgg,
  title   = {Very deep convolutional networks for large-scale image recognition},
  author  = {Simonyan, Karen and Zisserman, Andrew},
  journal = {arXiv preprint arXiv:1409.1556},
  year    = {2014}
}

@article{smith2018Super-convergence,
  title  = {Super-convergence: Very fast training of residual networks using large learning rates},
  author = {Smith, Leslie N and Topin, Nicholay},
  year   = {2018}
}

@article{snell2017prototypical,
  title   = {Prototypical networks for few-shot learning},
  author  = {Snell, Jake and Swersky, Kevin and Zemel, Richard S},
  journal = {arXiv preprint arXiv:1703.05175},
  year    = {2017}
}

@article{su2019onepixel,
  title     = {One pixel attack for fooling deep neural networks},
  author    = {Su, Jiawei and Vargas, Danilo Vasconcellos and Sakurai, Kouichi},
  journal   = {IEEE Transactions on Evolutionary Computation},
  volume    = {23},
  number    = {5},
  pages     = {828--841},
  year      = {2019},
  publisher = {IEEE}
}

@article{szegedy2013intriguing,
  title   = {Intriguing properties of neural networks},
  author  = {Szegedy, Christian and Zaremba, Wojciech and Sutskever, Ilya and Bruna, Joan and Erhan, Dumitru and Goodfellow, Ian and Fergus, Rob},
  journal = {arXiv preprint arXiv:1312.6199},
  year    = {2013}
}

@inproceedings{szegedy2015googlenet,
  title     = {Going deeper with convolutions},
  author    = {Szegedy, Christian and Liu, Wei and Jia, Yangqing and Sermanet, Pierre and Reed, Scott and Anguelov, Dragomir and Erhan, Dumitru and Vanhoucke, Vincent and Rabinovich, Andrew},
  booktitle = {Proceedings of the IEEE conference on computer vision and pattern recognition},
  pages     = {1--9},
  year      = {2015}
}

@book{thrun2012learning,
  title     = {Learning to Learn},
  author    = {Thrun, S. and Pratt, L.},
  isbn      = {9781461555292},
  url       = {https://books.google.com/books?id=X\_jpBwAAQBAJ},
  year      = {2012},
  publisher = {Springer US}
}

@article{tramer2017ensemble,
  title   = {Ensemble adversarial training: Attacks and defenses},
  author  = {Tram{\`e}r, Florian and Kurakin, Alexey and Papernot, Nicolas and Goodfellow, Ian and Boneh, Dan and McDaniel, Patrick},
  journal = {arXiv preprint arXiv:1705.07204},
  year    = {2017}
}

@article{tramer2020defensive,
  title   = {On adaptive attacks to adversarial example defenses},
  author  = {Tramer, Florian and Carlini, Nicholas and Brendel, Wieland and Madry, Aleksander},
  journal = {arXiv preprint arXiv:2002.08347},
  year    = {2020}
}

@article{vaswani2017attention,
  title   = {Attention is all you need},
  author  = {Vaswani, Ashish and Shazeer, Noam and Parmar, Niki and Uszkoreit, Jakob and Jones, Llion and Gomez, Aidan N and Kaiser, Lukasz and Polosukhin, Illia},
  journal = {arXiv preprint arXiv:1706.03762},
  year    = {2017}
}

@article{vinyals2016matching,
  title   = {Matching networks for one shot learning},
  author  = {Vinyals, Oriol and Blundell, Charles and Lillicrap, Timothy and Kavukcuoglu, Koray and Wierstra, Daan},
  journal = {arXiv preprint arXiv:1606.04080},
  year    = {2016}
}

@article{wong2020fast,
  title   = {Fast is better than free: Revisiting adversarial training},
  author  = {Wong, Eric and Rice, Leslie and Kolter, J Zico},
  journal = {arXiv preprint arXiv:2001.03994},
  year    = {2020}
}

@article{xu2017featuresqueezing,
  title   = {Feature squeezing: Detecting adversarial examples in deep neural networks},
  author  = {Xu, Weilin and Evans, David and Qi, Yanjun},
  journal = {arXiv preprint arXiv:1704.01155},
  year    = {2017}
}

@article{zhang2019youonlypropagateonce,
  title   = {You only propagate once: Accelerating adversarial training via maximal principle},
  author  = {Zhang, Dinghuai and Zhang, Tianyuan and Lu, Yiping and Zhu, Zhanxing and Dong, Bin},
  journal = {arXiv preprint arXiv:1905.00877},
  year    = {2019}
}